@article{Dropout,
  author    = {Nitish Srivastava and
               Geoffrey E. Hinton and
               Alex Krizhevsky and
               Ilya Sutskever and
               Ruslan Salakhutdinov},
  title     = {Dropout: A Simple Way to Prevent Neural Networks from Overfitting},
  journal   = {Journal oDropout: A Simple Way to Prevent Neural Networks from Overfittingf Machine Learning Research},
  volume    = {15},
  number    = {1},
  pages     = {1929--1958},
  year      = {2014},
  url       = {http://dl.acm.org/citation.cfm?id=2670313},
  timestamp = {Sun, 05 Oct 2014 01:00:00 +0200},
  biburl    = {https://dblp.org/rec/bib/journals/jmlr/SrivastavaHKSS14},
  bibsource = {dblp computer science bibliography, https://dblp.org}
}
@incollection{NIPS2011_4421,
title = {A Convergence Analysis of Log-Linear Training},
author = {Simon Wiesler and Hermann Ney},
booktitle = {Advances in Neural Information Processing Systems 24},
editor = {J. Shawe-Taylor and R. S. Zemel and P. L. Bartlett and F. Pereira and K. Q. Weinberger},
pages = {657--665},
year = {2011},
publisher = {Curran Associates, Inc.},
url = {http://papers.nips.cc/paper/4421-a-convergence-analysis-of-log-linear-training.pdf}
}
@inproceedings{Efficient_BackProp,
 author = {LeCun, Yann and Bottou, L{\'e}on and Orr, Genevieve B. and M\"{u}ller, Klaus-Robert},
 title = {Efficient BackProp},
 booktitle = {Neural Networks: Tricks of the Trade, This Book is an Outgrowth of a 1996 NIPS Workshop},
 year = {1998},
 isbn = {3-540-65311-2},
 pages = {9--50},
 numpages = {42},
 url = {http://dl.acm.org/citation.cfm?id=645754.668382},
 acmid = {668382},
 publisher = {Springer-Verlag},
 address = {London, UK, UK},
} 

@article{Tying_embeddings,
  author    = {Ofir Press and
               Lior Wolf},
  title     = {Using the Output Embedding to Improve Language Models},
  journal   = {CoRR},
  volume    = {abs/1608.05859},
  year      = {2016},
  url       = {http://arxiv.org/abs/1608.05859},
  archivePrefix = {arXiv},
  eprint    = {1608.05859},
  timestamp = {Mon, 13 Aug 2018 16:48:36 +0200},
  biburl    = {https://dblp.org/rec/bib/journals/corr/PressW16},
  bibsource = {dblp computer science bibliography, https://dblp.org}
}
@article{Tie,
  author    = {Hakan Inan and
               Khashayar Khosravi and
               Richard Socher},
  title     = {Tying Word Vectors and Word Classifiers: {A} Loss Framework for Language
               Modeling},
  journal   = {CoRR},
  volume    = {abs/1611.01462},
  year      = {2016},
  url       = {http://arxiv.org/abs/1611.01462},
  archivePrefix = {arXiv},
  eprint    = {1611.01462},
  timestamp = {Mon, 13 Aug 2018 16:48:51 +0200},
  biburl    = {https://dblp.org/rec/bib/journals/corr/InanKS16},
  bibsource = {dblp computer science bibliography, https://dblp.org}
}